<?xml version="1.0" encoding="UTF-8"?>
<record xmlns="http://www.loc.gov/MARC21/slim" xmlns:zs="http://docs.oasis-open.org/ns/search-ws/sruResponse">
 <leader>
  08118cpcaa22009497a 4500
 </leader>
 <controlfield tag="001">
  13650528
 </controlfield>
 <controlfield tag="005">
  20230106072831.0
 </controlfield>
 <controlfield tag="008">
  040709i18702000xx                  eng
 </controlfield>
 <datafield ind1=" " ind2=" " tag="906">
  <subfield code="a">
   7
  </subfield>
  <subfield code="b">
   cbc
  </subfield>
  <subfield code="c">
   orignew
  </subfield>
  <subfield code="d">
   u
  </subfield>
  <subfield code="e">
   ncip
  </subfield>
  <subfield code="f">
   20
  </subfield>
  <subfield code="g">
   y-folklife
  </subfield>
 </datafield>
 <datafield ind1=" " ind2=" " tag="955">
  <subfield code="a">
   mkru 2004-07-09 ; mkru 2004-08-12; mkru 2004-09-30;
  </subfield>
  <subfield code="a">
   mseg 2013-08-14
  </subfield>
  <subfield code="a">
   kere 2020-03-09
  </subfield>
  <subfield code="a">
   fcundiff 2021-12-14
  </subfield>
  <subfield code="a">
   fcundiff 2022-08-09
  </subfield>
  <subfield code="a">
   masmit 2022-12-20
  </subfield>
  <subfield code="a">
   masmit 2022-12-21
  </subfield>
  <subfield code="a">
   masmit 2023-01-05
  </subfield>
  <subfield code="a">
   masmit 2023-01-06
  </subfield>
 </datafield>
 <datafield ind1=" " ind2=" " tag="010">
  <subfield code="a">
   2004695182
  </subfield>
 </datafield>
 <datafield ind1=" " ind2=" " tag="040">
  <subfield code="a">
   DLC
  </subfield>
  <subfield code="b">
   eng
  </subfield>
  <subfield code="e">
   dacs
  </subfield>
  <subfield code="c">
   DLC
  </subfield>
  <subfield code="d">
   DLC
  </subfield>
 </datafield>
 <datafield ind1="0" ind2=" " tag="041">
  <subfield code="a">
   eng
  </subfield>
  <subfield code="d">
   mul
  </subfield>
 </datafield>
 <datafield ind1=" " ind2=" " tag="043">
  <subfield code="a">
   ed-----
  </subfield>
  <subfield code="a">
   as-----
  </subfield>
  <subfield code="a">
   n-cn---
  </subfield>
 </datafield>
 <datafield ind1=" " ind2=" " tag="090">
  <subfield code="a">
   RXH 5234-5262; RYN 9575-9591; VAP 7096-7103, VAS 6608-6628
  </subfield>
 </datafield>
 <datafield ind1=" " ind2=" " tag="090">
  <subfield code="a">
   AFC 1998/001
  </subfield>
 </datafield>
 <datafield ind1="0" ind2="0" tag="245">
  <subfield code="a">
   Joel Martin Halpern collection,
  </subfield>
  <subfield code="f">
   1870-2000
  </subfield>
  <subfield code="g">
   (bulk 1950-1990) /
  </subfield>
  <subfield code="c">
   collected by Joel Martin Halpern and Barbara Kerewsky-Halpern.
  </subfield>
 </datafield>
 <datafield ind1=" " ind2=" " tag="300">
  <subfield code="3">
   whole collection:
  </subfield>
  <subfield code="a">
   approximately 3,100
  </subfield>
  <subfield code="f">
   items
  </subfield>
 </datafield>
 <datafield ind1=" " ind2=" " tag="300">
  <subfield code="3">
   whole collection:
  </subfield>
  <subfield code="a">
   21
  </subfield>
  <subfield code="f">
   containers
  </subfield>
 </datafield>
 <datafield ind1=" " ind2=" " tag="300">
  <subfield code="3">
   whole collection:
  </subfield>
  <subfield code="a">
   12
  </subfield>
  <subfield code="f">
   linear feet
  </subfield>
 </datafield>
 <datafield ind1=" " ind2=" " tag="300">
  <subfield code="3">
   manuscripts:
  </subfield>
  <subfield code="a">
   approximately 720
  </subfield>
  <subfield code="f">
   documents
  </subfield>
  <subfield code="a">
   (approximately 4,750
  </subfield>
  <subfield code="f">
   sheets)
  </subfield>
 </datafield>
 <datafield ind1=" " ind2=" " tag="300">
  <subfield code="3">
   sound recordings:
  </subfield>
  <subfield code="a">
   16 sound cassettes :
  </subfield>
  <subfield code="b">
   analog
  </subfield>
 </datafield>
 <datafield ind1=" " ind2=" " tag="300">
  <subfield code="3">
   sound recordings:
  </subfield>
  <subfield code="a">
   28 sound tape reels :
  </subfield>
  <subfield code="b">
   analog ;
  </subfield>
  <subfield code="c">
   5 in. and 7 in.
  </subfield>
 </datafield>
 <datafield ind1=" " ind2=" " tag="300">
  <subfield code="3">
   graphic materials:
  </subfield>
  <subfield code="a">
   approximately 2,005 photocopies of photographs :
  </subfield>
  <subfield code="b">
   black and white ;
  </subfield>
  <subfield code="c">
   various sizes
  </subfield>
 </datafield>
 <datafield ind1=" " ind2=" " tag="300">
  <subfield code="3">
   graphic materials:
  </subfield>
  <subfield code="a">
   126 photographs :
  </subfield>
  <subfield code="b">
   prints, black and white ;
  </subfield>
  <subfield code="c">
   5 x 7 in.
  </subfield>
 </datafield>
 <datafield ind1=" " ind2=" " tag="300">
  <subfield code="3">
   graphic materials:
  </subfield>
  <subfield code="a">
   57 photographs :
  </subfield>
  <subfield code="b">
   prints, color ;
  </subfield>
  <subfield code="c">
   3.5 x 5 and 4 x 6 in.
  </subfield>
 </datafield>
 <datafield ind1=" " ind2=" " tag="300">
  <subfield code="3">
   graphic materials:
  </subfield>
  <subfield code="a">
   54 photographs :
  </subfield>
  <subfield code="b">
   negatives, color ;
  </subfield>
  <subfield code="c">
   35 mm
  </subfield>
 </datafield>
 <datafield ind1=" " ind2=" " tag="300">
  <subfield code="3">
   graphic materials:
  </subfield>
  <subfield code="a">
   37 photographs :
  </subfield>
  <subfield code="b">
   transparencies, color ;
  </subfield>
  <subfield code="c">
   35 mm
  </subfield>
 </datafield>
 <datafield ind1=" " ind2=" " tag="300">
  <subfield code="3">
   graphic materials:
  </subfield>
  <subfield code="a">
   26 plates :
  </subfield>
  <subfield code="b">
   color
  </subfield>
 </datafield>
 <datafield ind1=" " ind2=" " tag="300">
  <subfield code="3">
   graphic materials:
  </subfield>
  <subfield code="a">
   20 drawings :
  </subfield>
  <subfield code="b">
   ink, black and white
  </subfield>
 </datafield>
 <datafield ind1=" " ind2=" " tag="300">
  <subfield code="3">
   graphic materials:
  </subfield>
  <subfield code="a">
   1 drawing :
  </subfield>
  <subfield code="b">
   ink and paint, color
  </subfield>
 </datafield>
 <datafield ind1=" " ind2=" " tag="300">
  <subfield code="3">
   moving images:
  </subfield>
  <subfield code="a">
   8 videocassettes (VHS) :
  </subfield>
  <subfield code="b">
   analog ;
  </subfield>
  <subfield code="c">
   1/2 in.
  </subfield>
 </datafield>
 <datafield ind1=" " ind2=" " tag="351">
  <subfield code="a">
   Organized into the following series: I. Eastern European materials, II. Southeast Asian materials, III. Inuit materials, IV. Miscellaneous materials.
  </subfield>
 </datafield>
 <datafield ind1=" " ind2=" " tag="520">
  <subfield code="a">
   The Joel Martin Halpern Collection consists of photographs, slides, photocopies of photographs, photocopies of articles, audiotapes, videocassettes, published book materials, texts in native languages, manuscripts, reproductions of visual images, and ephemera related to his ethnographic field documentation undertaken from 1949 to 2000 in Asia, Europe, and North America. Much of the primary source material of this collection consists of photographs of Balkan areas, especially Serbian and Bulgarian villages. There is also a series of sound recordings of music and interviews with Serbians and Bulgarians (see tape logs), as well as a collection of folklore programs recorded from Sofia radio, plus videocassettes of Bosnian and Serbian rural life. In addition there are interviews with Canadian Inuit people and tapes from the Inuit Broadcasting Corporation recorded from broadcasts in the Baffin Island area.
  </subfield>
 </datafield>
 <datafield ind1="8" ind2=" " tag="524">
  <subfield code="a">
   Joel Martin Halpern Collection (AFC 1998/001), American Folklife Center, Library of Congress, Washington, D.C.
  </subfield>
 </datafield>
 <datafield ind1="0" ind2=" " tag="506">
  <subfield code="a">
   Collection is open for research. To request materials, please contact the Folklife Reading Room at
  </subfield>
  <subfield code="u">
   https://hdl.loc.gov/loc.afc/folklife.contact
  </subfield>
 </datafield>
 <datafield ind1=" " ind2=" " tag="540">
  <subfield code="a">
   Duplication of the collection materials may be governed by copyright and other restrictions.
  </subfield>
 </datafield>
 <datafield ind1=" " ind2=" " tag="541">
  <subfield code="a">
   Joel Martin Halpern;
  </subfield>
  <subfield code="c">
   Donation;
  </subfield>
  <subfield code="d">
   1997-2000.
  </subfield>
 </datafield>
 <datafield ind1=" " ind2=" " tag="541">
  <subfield code="3">
   1 additional box of electronic media
  </subfield>
  <subfield code="a">
   Joel Martin Halpern;
  </subfield>
  <subfield code="c">
   Accrual;
  </subfield>
  <subfield code="d">
   circa 2001.
  </subfield>
 </datafield>
 <datafield ind1=" " ind2=" " tag="541">
  <subfield code="3">
   1 additional box of manuscripts
  </subfield>
  <subfield code="a">
   Joel Martin Halpern;
  </subfield>
  <subfield code="c">
   Accrual;
  </subfield>
  <subfield code="d">
   2002-2003.
  </subfield>
 </datafield>
 <datafield ind1=" " ind2=" " tag="541">
  <subfield code="3">
   1 additional box of manuscripts and electronic media
  </subfield>
  <subfield code="a">
   Joel Martin Halpern;
  </subfield>
  <subfield code="c">
   Accrual;
  </subfield>
  <subfield code="d">
   July 2004.
  </subfield>
 </datafield>
 <datafield ind1=" " ind2=" " tag="541">
  <subfield code="3">
   15 additional boxes of manuscripts, publications, sound recordings, photographs, moving images, and electronic media
  </subfield>
  <subfield code="a">
   Joel Martin Halpern;
  </subfield>
  <subfield code="c">
   Accrual;
  </subfield>
  <subfield code="d">
   circa 2004.
  </subfield>
 </datafield>
 <datafield ind1=" " ind2=" " tag="541">
  <subfield code="3">
   2 additional boxes of manuscripts and publications
  </subfield>
  <subfield code="a">
   Joel Martin Halpern;
  </subfield>
  <subfield code="c">
   Accrual;
  </subfield>
  <subfield code="d">
   January 2005.
  </subfield>
 </datafield>
 <datafield ind1=" " ind2=" " tag="541">
  <subfield code="3">
   1 additional box of manuscripts and electronic media
  </subfield>
  <subfield code="a">
   Joel Martin Halpern;
  </subfield>
  <subfield code="c">
   Accrual;
  </subfield>
  <subfield code="d">
   March 2005.
  </subfield>
 </datafield>
 <datafield ind1=" " ind2=" " tag="541">
  <subfield code="3">
   1 additional box of manuscripts
  </subfield>
  <subfield code="a">
   Joel Martin Halpern;
  </subfield>
  <subfield code="c">
   Accrual;
  </subfield>
  <subfield code="d">
   December 2005.
  </subfield>
 </datafield>
 <datafield ind1=" " ind2=" " tag="541">
  <subfield code="3">
   1 additional box of manuscripts
  </subfield>
  <subfield code="a">
   Joel Martin Halpern;
  </subfield>
  <subfield code="c">
   Accrual;
  </subfield>
  <subfield code="d">
   April 2009.
  </subfield>
 </datafield>
 <datafield ind1=" " ind2=" " tag="541">
  <subfield code="3">
   1 additional box of electronic media
  </subfield>
  <subfield code="a">
   Joel Martin Halpern;
  </subfield>
  <subfield code="c">
   Accrual;
  </subfield>
  <subfield code="d">
   2009.
  </subfield>
 </datafield>
 <datafield ind1=" " ind2=" " tag="541">
  <subfield code="3">
   1 additional folder of manuscripts
  </subfield>
  <subfield code="a">
   Joel Martin Halpern;
  </subfield>
  <subfield code="c">
   Accrual;
  </subfield>
  <subfield code="d">
   October 2010.
  </subfield>
 </datafield>
 <datafield ind1=" " ind2=" " tag="545">
  <subfield code="a">
   Joel Martin Halpern was born April 8, 1929, in New York City. With a B.A. in History from the University of Michigan and a Ph.D. in Anthropology from Columbia University, he embarked on a long teaching career, highlighted by his time at the University Massachusetts at Amherst from 1967 until his retirement in 1992. His ethnographic research has been supported by grants from the National Science Foundation, the National Institutes of Health, the State Department, the Canadian Government, the National Academy of Sciences, the International Research and Exchanges Board (IREX), and the National Endowment for the Humanities, as well as by the University of California at Los Angeles and the University of Massachusetts, Amherst. Throughout his career, Halpern traveled widely and conducted extensive field research. In the summer of 1950, he studied Inuit settlements on the Seward Peninsula of Alaska. Throughout various times in his career, Halpern and his wife traveled to and resided in parts of the former Yugoslavia, where they studied Serbian village folklife. In the mid-1950s, the Halperns also conducted fieldwork in Laos, while visiting Thailand and Vietnam. At that time, Halpern was employed as a Field Service Officer with the Community Development Division of USOM (the American aid mission). He returned on research trips to Laos in 1959 and 1969. Other research trips took him to Sweden, the Soviet Union, Greece, Israel, India, Bulgaria, and Canada. Although he conducted research in various global locations, the majority of the primary source materials in this collection was gathered in Yugoslavia, Laos, and Canada.
  </subfield>
 </datafield>
 <datafield ind1=" " ind2=" " tag="546">
  <subfield code="a">
   Collection material is primarily in English, Serbian, Bulgarian, and Lao. Additional materials are in Albanian, Bosnian, Croatian, French, German, Hungarian, Inuktitut, Macedonian, Polish, Russian, Slovenian, and Vietnamese.
  </subfield>
 </datafield>
 <datafield ind1="0" ind2=" " tag="555">
  <subfield code="a">
   Finding aid is available online
  </subfield>
  <subfield code="u">
   https://hdl.loc.gov/loc.afc/eadafc.af021009
  </subfield>
 </datafield>
 <datafield ind1=" " ind2="0" tag="650">
  <subfield code="a">
   Ethnology
  </subfield>
  <subfield code="z">
   Balkan Peninsula.
  </subfield>
 </datafield>
 <datafield ind1=" " ind2="0" tag="650">
  <subfield code="a">
   Ethnology
  </subfield>
  <subfield code="z">
   Serbia.
  </subfield>
 </datafield>
 <datafield ind1=" " ind2="0" tag="650">
  <subfield code="a">
   Ethnology
  </subfield>
  <subfield code="z">
   Slovenia.
  </subfield>
 </datafield>
 <datafield ind1=" " ind2="0" tag="650">
  <subfield code="a">
   Ethnology
  </subfield>
  <subfield code="z">
   Southeast Asia.
  </subfield>
 </datafield>
 <datafield ind1=" " ind2="0" tag="650">
  <subfield code="a">
   Ethnology
  </subfield>
  <subfield code="z">
   Yugoslavia.
  </subfield>
 </datafield>
 <datafield ind1=" " ind2="0" tag="650">
  <subfield code="a">
   Albanians
  </subfield>
  <subfield code="x">
   Social life and customs.
  </subfield>
 </datafield>
 <datafield ind1=" " ind2="0" tag="650">
  <subfield code="a">
   Bosnians
  </subfield>
  <subfield code="x">
   Social life and customs.
  </subfield>
 </datafield>
 <datafield ind1=" " ind2="0" tag="650">
  <subfield code="a">
   Bulgarians
  </subfield>
  <subfield code="x">
   Social life and customs.
  </subfield>
 </datafield>
 <datafield ind1=" " ind2="0" tag="650">
  <subfield code="a">
   Croats
  </subfield>
  <subfield code="x">
   Social life and customs.
  </subfield>
 </datafield>
 <datafield ind1=" " ind2="0" tag="650">
  <subfield code="a">
   Folk songs, Bulgarian
  </subfield>
  <subfield code="z">
   Bulgaria.
  </subfield>
 </datafield>
 <datafield ind1=" " ind2="0" tag="650">
  <subfield code="a">
   Folk songs, Lao.
  </subfield>
 </datafield>
 <datafield ind1=" " ind2="0" tag="650">
  <subfield code="a">
   Folk songs, Serbian
  </subfield>
  <subfield code="z">
   Serbia.
  </subfield>
 </datafield>
 <datafield ind1=" " ind2="0" tag="650">
  <subfield code="a">
   Inuit
  </subfield>
  <subfield code="z">
   Canada
  </subfield>
  <subfield code="x">
   Social life and customs.
  </subfield>
 </datafield>
 <datafield ind1=" " ind2="0" tag="650">
  <subfield code="a">
   Laotian Americans
  </subfield>
  <subfield code="x">
   Social life and customs.
  </subfield>
 </datafield>
 <datafield ind1=" " ind2="0" tag="650">
  <subfield code="a">
   Laotians
  </subfield>
  <subfield code="x">
   Social life and customs.
  </subfield>
 </datafield>
 <datafield ind1=" " ind2="0" tag="650">
  <subfield code="a">
   Serbs
  </subfield>
  <subfield code="x">
   Social life and customs.
  </subfield>
 </datafield>
 <datafield ind1=" " ind2="0" tag="650">
  <subfield code="a">
   Slovenes
  </subfield>
  <subfield code="x">
   Social life and customs.
  </subfield>
 </datafield>
 <datafield ind1=" " ind2="0" tag="650">
  <subfield code="a">
   Vietnamese Americans
  </subfield>
  <subfield code="x">
   Social life and customs.
  </subfield>
 </datafield>
 <datafield ind1=" " ind2="0" tag="651">
  <subfield code="a">
   Orašac (Serbia)
  </subfield>
  <subfield code="x">
   Social life and customs.
  </subfield>
 </datafield>
 <datafield ind1=" " ind2="7" tag="655">
  <subfield code="a">
   Manuscripts.
  </subfield>
  <subfield code="2">
   aat
  </subfield>
 </datafield>
 <datafield ind1=" " ind2="7" tag="655">
  <subfield code="a">
   Sound recordings.
  </subfield>
  <subfield code="2">
   aat
  </subfield>
 </datafield>
 <datafield ind1=" " ind2="7" tag="655">
  <subfield code="a">
   Photographs.
  </subfield>
  <subfield code="2">
   aat
  </subfield>
 </datafield>
 <datafield ind1=" " ind2="7" tag="655">
  <subfield code="a">
   Videocassettes.
  </subfield>
  <subfield code="2">
   aat
  </subfield>
 </datafield>
 <datafield ind1="1" ind2=" " tag="700">
  <subfield code="a">
   Halpern, Joel M.
  </subfield>
  <subfield code="q">
   (Joel Martin),
  </subfield>
  <subfield code="d">
   1929-2019,
  </subfield>
  <subfield code="e">
   collector.
  </subfield>
 </datafield>
 <datafield ind1="1" ind2=" " tag="700">
  <subfield code="a">
   Kerewsky-Halpern, Barbara,
  </subfield>
  <subfield code="e">
   collector.
  </subfield>
 </datafield>
 <datafield ind1="2" ind2=" " tag="710">
  <subfield code="a">
   Archive of Folk Culture (Library of Congress)
  </subfield>
 </datafield>
 <datafield ind1="2" ind2=" " tag="710">
  <subfield code="a">
   American Folklife Center.
  </subfield>
 </datafield>
 <datafield ind1=" " ind2=" " tag="852">
  <subfield code="a">
   DLC-AFC
  </subfield>
  <subfield code="b">
   Archive of Folk Culture, American Folklife Center,
  </subfield>
  <subfield code="e">
   101 Independence Ave. S.E., Washington, DC USA 20540-4610
  </subfield>
 </datafield>
 <datafield ind1="4" ind2="2" tag="856">
  <subfield code="3">
   Finding aid
  </subfield>
  <subfield code="u">
   https://hdl.loc.gov/loc.afc/eadafc.af021009
  </subfield>
 </datafield>
 <datafield ind1=" " ind2=" " tag="985">
  <subfield code="a">
   afc/coll
  </subfield>
 </datafield>
 <datafield ind1=" " ind2=" " tag="985">
  <subfield code="a">
   afc/ead
  </subfield>
 </datafield>
</record>
